<?xml version="1.0" encoding="UTF-8"?>
<collection xmlns="http://www.loc.gov/MARC21/slim">
    <record>
        <leader>66662cim  2200457Ia 45í0</leader>
        <controlfield tag="001">aallfields1</controlfield>
        <controlfield tag="006">m        u        </controlfield>
        <controlfield tag="007">aj canzn</controlfield>
        <controlfield tag="007">cr cn----anauu</controlfield>
        <controlfield tag="008">041202s2000    mdunnn  s      f    eng d</controlfield>
        <datafield tag="010" ind1=" " ind2=" ">
            <subfield code="a">sa 67000285</subfield>
        </datafield>
        <datafield tag="015" ind1=" " ind2=" ">
            <subfield code="a">C***</subfield>
        </datafield>
        <datafield tag="019" ind1=" " ind2=" ">
            <subfield code="a">8040009</subfield>
        </datafield>
		    <datafield tag="020" ind1=" " ind2=" ">
		      <subfield code="a">1417559128</subfield>
		    </datafield>
		    <datafield tag="022" ind1=" " ind2=" ">
		      <subfield code="a">1047-2010</subfield>
		    </datafield>
        <datafield tag="022" ind1="0" ind2=" ">
            <subfield code="a">0276-0509</subfield>
        </datafield>
        <datafield tag="025" ind1=" " ind2=" ">
            <subfield code="a">PL480:I-E-7332</subfield>
        </datafield>
        <datafield tag="024" ind1="1" ind2=" ">
            <subfield code="a">2777802000</subfield>
            <subfield code="d">90620</subfield>
        </datafield>
        <datafield tag="027" ind1="1" ind2=" ">
            <subfield code="a">SEL-69-048</subfield>
        </datafield>
        <datafield tag="027" ind1="1" ind2=" ">
            <subfield code="a">Technical report 1965-</subfield>
        </datafield>
        <datafield tag="028" ind1="0" ind2="0">
            <subfield code="a">GV-201</subfield>
            <subfield code="b">Good Vibrations Records</subfield>
        </datafield>
        <datafield tag="034" ind1="1" ind2=" ">
            <subfield code="a">a</subfield>
            <subfield code="b">633600</subfield>
            <subfield code="d">W0931500</subfield>
            <subfield code="e">W0882800</subfield>
            <subfield code="f">N0352300</subfield>
            <subfield code="g">N0330700</subfield>
        </datafield>
        <datafield tag="035" ind1=" " ind2=" ">
            <subfield code="a">(OCoLC-M)2631949</subfield>
        </datafield>
        <datafield tag="037" ind1=" " ind2=" ">
            <subfield code="b">Latino Institute Research Division, 1760 Reston Ave., Suite 101, Reston, VA 22090</subfield>
            <subfield code="c">$10.00</subfield>
        </datafield>
        <datafield tag="040" ind1=" " ind2=" ">
            <subfield code="a">DLC</subfield>
            <subfield code="c">DLC</subfield>
            <subfield code="d">m.c.</subfield>
            <subfield code="d">m/c</subfield>
            <subfield code="d">OrLoB</subfield>
        </datafield>
        <datafield tag="041" ind1="1" ind2=" ">
            <subfield code="a">ger</subfield>
            <subfield code="h">lat</subfield>
        </datafield>
        <datafield tag="042" ind1=" " ind2=" ">
            <subfield code="a">lcnccp</subfield>
        </datafield>
        <datafield tag="042" ind1=" " ind2=" ">
            <subfield code="a">lc</subfield>
            <subfield code="a">nsdp</subfield>
        </datafield>
        <datafield tag="043" ind1=" " ind2=" ">
            <subfield code="a">a-ii---</subfield>
        </datafield>
        <datafield tag="045" ind1=" " ind2=" ">
            <subfield code="a">x4x-</subfield>
        </datafield>
        <datafield tag="049" ind1=" " ind2=" ">
            <subfield code="a">STFA</subfield>
            <subfield code="c">1</subfield>
        </datafield>
        <datafield tag="050" ind1="0" ind2=" ">
            <subfield code="a">HC241.25.I4</subfield>
            <subfield code="b">D47</subfield>
        </datafield>
        <datafield tag="052" ind1=" " ind2=" ">
            <subfield code="a">4000</subfield>
        </datafield>
        <datafield tag="052" ind1=" " ind2=" ">
            <subfield code="a">3980</subfield>
        </datafield>
        <datafield tag="052" ind1=" " ind2=" ">
            <subfield code="a">3960</subfield>
        </datafield>
        <datafield tag="074" ind1=" " ind2=" ">
            <subfield code="a">429-T-4</subfield>
        </datafield>
        <datafield tag="082" ind1=" " ind2=" ">
            <subfield code="a">382.9142</subfield>
        </datafield>
        <datafield tag="086" ind1="0" ind2=" ">
            <subfield code="a">E 1.28:COO-4274-1</subfield>
        </datafield>
        <datafield tag="088" ind1=" " ind2=" ">
            <subfield code="a">GAO/RCED-85-88</subfield>
        </datafield>
        <datafield tag="088" ind1=" " ind2=" ">
            <subfield code="a">B-215975</subfield>
        </datafield>
        <datafield tag="090" ind1=" " ind2=" ">
            <subfield code="a">110978984448763</subfield>
        </datafield>
        <datafield tag="092" ind1=" " ind2=" ">
            <subfield code="a">159.32</subfield>
            <subfield code="b">.W211</subfield>
        </datafield>
        <datafield tag="099" ind1=" " ind2=" ">
            <subfield code="a">370.1</subfield>
            <subfield code="b">.S655</subfield>
        </datafield>
        <datafield tag="100" ind1="0" ind2=" ">
            <subfield code="a">Dharma Kumar.</subfield>
        </datafield>
<!--
        <datafield tag="110" ind1="2" ind2=" ">
            <subfield code="a">Sanders Associates.</subfield>
            <subfield code="b">Defensive Systems Division.</subfield>
        </datafield>
        <datafield tag="111" ind1="2" ind2=" ">
            <subfield code="a">International Jean Sibelius Conference</subfield>
            <subfield code="n">(3rd :</subfield>
            <subfield code="d">2000 :</subfield>
            <subfield code="c">Helsinki, Finland)</subfield>
        </datafield>
        <datafield tag="130" ind1="0" ind2=" ">
            <subfield code="a">Research digest (Latino Institute (Reston, Va.))</subfield>
        </datafield>
        <datafield tag="210" ind1="0" ind2=" ">
            <subfield code="a">Res. dig. - Lat. Inst. (Reston, Va.)</subfield>
        </datafield>
        <datafield tag="222" ind1=" " ind2="0">
            <subfield code="a">Research digest - Latino Institute (Reston, Va.)</subfield>
        </datafield>
        <datafield tag="245" ind1="1" ind2="4">
            <subfield code="a">allfields should skip 00x, std number fields and 9xx</subfield>
        </datafield>
        <datafield tag="246" ind1="1" ind2="8">
            <subfield code="a">Latino Institute research digest</subfield>
        </datafield>
        <datafield tag="250" ind1=" " ind2=" ">
            <subfield code="a">1. ed.</subfield>
        </datafield>
        <datafield tag="255" ind1=" " ind2=" ">
            <subfield code="a">Scale [1:633,600]. 10 mi to 1 in.</subfield>
            <subfield code="c">( W 93â°15'--W 88â°28'/N 35â°23'--N 33â°07').</subfield>
        </datafield>
        <datafield tag="260" ind1=" " ind2=" ">
            <subfield code="6">880-03</subfield>
            <subfield code="a">Tokyo :</subfield>
            <subfield code="b">Miraisha,</subfield>
            <subfield code="c">1982.</subfield>
        </datafield>
        <datafield tag="300" ind1=" " ind2=" ">
            <subfield code="a">1 sound disc (20 min.);</subfield>
            <subfield code="b">analog, 33 1/3 rpm, stereo. ;</subfield>
            <subfield code="c">12 in.</subfield>
        </datafield>
        <datafield tag="310" ind1=" " ind2=" ">
            <subfield code="a">Annual</subfield>
        </datafield>
        <datafield tag="362" ind1="0" ind2=" ">
            <subfield code="a">Vol. 1 (1980)-</subfield>
        </datafield>
        <datafield tag="440" ind1=" " ind2="0">
            <subfield code="a">Kogda im bylo dvadtÍ¡satÊ¹</subfield>
        </datafield>
        <datafield tag="490" ind1="0" ind2=" ">
            <subfield code="a">Education for living series.</subfield>
        </datafield>
        <datafield tag="500" ind1=" " ind2=" ">
            <subfield code="a">Issued under the auspices of the Indian Council of World Affairs.</subfield>
        </datafield>
        <datafield tag="504" ind1=" " ind2=" ">
            <subfield code="a">Includes bibliographical references and index.</subfield>
        </datafield>
        <datafield tag="505" ind1="0" ind2=" ">
            <subfield code="a">Final report.</subfield>
        </datafield>
        <datafield tag="510" ind1="4" ind2=" ">
            <subfield code="a">Goldsmiths' Lib. cat.,</subfield>
            <subfield code="c">3741.</subfield>
        </datafield>
        <datafield tag="510" ind1="4" ind2=" ">
            <subfield code="a">Wing</subfield>
            <subfield code="c">J844.</subfield>
        </datafield>
        <datafield tag="515" ind1=" " ind2=" ">
            <subfield code="a">June 1996 issue covers 1995.</subfield>
        </datafield>
        <datafield tag="530" ind1=" " ind2=" ">
            <subfield code="a">Also available via Internet from the GPO Access web site. Addresses as of 8/14/02: http://frwebgate.access.gpo.gov/cgi-bin/getdoc.cgi ?dbname=107hÌ²ousehÌ²earings&amp;docid=f:77984.wais (text version), http://frwebgate.access.gpo.gov/cgi-bin/getdoc.cgi ?dbname=107hÌ²ousehÌ²earings&amp;docid=f:77984.pdf (PDF version); current access is available via PURLs.</subfield>
        </datafield>
        <datafield tag="533" ind1=" " ind2=" ">
            <subfield code="a">Microfilm.</subfield>
            <subfield code="b">New Haven, Conn. :</subfield>
            <subfield code="c">Research Publications,</subfield>
            <subfield code="d">[1974].</subfield>
            <subfield code="e">1 microfilm reel ; 35 mm.</subfield>
            <subfield code="f">(Goldsmiths'-Kress library of economic literature ; no. 3741).</subfield>
        </datafield>
        <datafield tag="534" ind1=" " ind2=" ">
            <subfield code="a">Reprint of the 1901 ed. published by E. Felber, Berlin.</subfield>
        </datafield>
        <datafield tag="536" ind1=" " ind2=" ">
            <subfield code="b">DAAB-07-69-C-0081</subfield>
        </datafield>
        <datafield tag="546" ind1=" " ind2=" ">
            <subfield code="a">Papers in English or German.</subfield>
        </datafield>
        <datafield tag="550" ind1=" " ind2=" ">
            <subfield code="a">Prepared by: Office of Industries.</subfield>
        </datafield>
        <datafield tag="590" ind1=" " ind2=" ">
            <subfield code="a">MARCit brief record.</subfield>
        </datafield>
        <datafield tag="596" ind1=" " ind2=" ">
            <subfield code="a">1</subfield>
        </datafield>
        <datafield tag="600" ind1="1" ind2="0">
            <subfield code="a">Zemnukhov, Ivan.</subfield>
        </datafield>
        <datafield tag="610" ind1="2" ind2="0">
            <subfield code="a">European Economic Community</subfield>
            <subfield code="z">India.</subfield>
        </datafield>
        <datafield tag="610" ind1="2" ind2="0">
            <subfield code="a">European Economic Community.</subfield>
        </datafield>
        <datafield tag="630" ind1="0" ind2="0">
            <subfield code="a">Magna Carta.</subfield>
        </datafield>
        <datafield tag="650" ind1=" " ind2="0">
            <subfield code="a">Commodity exchanges.</subfield>
        </datafield>
        <datafield tag="650" ind1=" " ind2="0">
            <subfield code="a">Foreign exchange.</subfield>
            <subfield code="y">500-1400.</subfield>
        </datafield>
        <datafield tag="651" ind1=" " ind2="0">
            <subfield code="a">Africa, Sub-Saharan</subfield>
            <subfield code="x">Library resources</subfield>
            <subfield code="y">Great War, 1843-1852.</subfield>
            <subfield code="z">United States.</subfield>
        </datafield>
        <datafield tag="651" ind1=" " ind2="0">
            <subfield code="a">Portugal</subfield>
            <subfield code="x">Colonies</subfield>
            <subfield code="z">Africa</subfield>
            <subfield code="x">Bibliography.</subfield>
        </datafield>
        <datafield tag="651" ind1=" " ind2="0">
            <subfield code="a">Portugal</subfield>
            <subfield code="x">Colonies</subfield>
            <subfield code="z">Africa</subfield>
            <subfield code="x">History</subfield>
            <subfield code="x">Sources</subfield>
            <subfield code="x">Bibliography.</subfield>
        </datafield>
        <datafield tag="653" ind1="0" ind2=" ">
            <subfield code="a">Soviet Union;</subfield>
            <subfield code="a">soldiers;</subfield>
            <subfield code="a">biography</subfield>
        </datafield>
        <datafield tag="655" ind1=" " ind2="4">
            <subfield code="a">Fulltext</subfield>
        </datafield>
        <datafield tag="655" ind1=" " ind2="4">
            <subfield code="a">Internet Resource</subfield>
        </datafield>
        <datafield tag="655" ind1=" " ind2="4">
            <subfield code="a">Lectures</subfield>
        </datafield>
        <datafield tag="690" ind1=" " ind2="4">
            <subfield code="a">Ludwig Lauerhass Jr. Braziliana Collection.</subfield>
        </datafield>
        <datafield tag="691" ind1=" " ind2=" ">
            <subfield code="a">Arkansas</subfield>
            <subfield code="v">Maps</subfield>
            <subfield code="y">1891.</subfield>
        </datafield>
        <datafield tag="691" ind1=" " ind2=" ">
            <subfield code="a">Mississippi</subfield>
            <subfield code="v">Maps</subfield>
            <subfield code="y">1891.</subfield>
        </datafield>
        <datafield tag="691" ind1=" " ind2=" ">
            <subfield code="a">Tennessee</subfield>
            <subfield code="v">Maps</subfield>
            <subfield code="y">1891.</subfield>
        </datafield>
        <datafield tag="693" ind1=" " ind2=" ">
            <subfield code="a">Sustainable development;</subfield>
            <subfield code="a">Andes</subfield>
        </datafield>
        <datafield tag="700" ind1="1" ind2=" ">
            <subfield code="a">Rees, Graham L.</subfield>
        </datafield>
        <datafield tag="710" ind1="2" ind2=" ">
            <subfield code="a">Indian Council of World Affairs.</subfield>
        </datafield>
        <datafield tag="773" ind1="0" ind2=" ">
            <subfield code="a">United States. War Dept.</subfield>
            <subfield code="t">Atlas to accompany the official records of the Union and Confederate armies.</subfield>
            <subfield code="d">Washington : Government Printing Office, 1891-1895.</subfield>
            <subfield code="g">pl. CLIV.</subfield>
            <subfield code="w">(OCoLC)57409693</subfield>
        </datafield>
        <datafield tag="776" ind1=" " ind2=" ">
            <subfield code="t">HOUSING CARE AND SUPPORT PUTTING GOOD IDEAS INTO PRACTICE </subfield>
            <subfield code="x">1460-8790</subfield>
        </datafield>
        <datafield tag="780" ind1="0" ind2="1">
            <subfield code="t">U.S. trade shifts in selected industries</subfield>
            <subfield code="w">(DLC)sn 95020022</subfield>
            <subfield code="w">(OCoLC)31505755</subfield>
        </datafield>
        <datafield tag="785" ind1="0" ind2="0">
            <subfield code="t">Recent trends in U.S. services trade</subfield>
            <subfield code="w">(OCoLC)37916848</subfield>
        </datafield>
        <datafield tag="787" ind1="1" ind2=" ">
            <subfield code="t">U.S. trade shifts in selected industries. Merchandise</subfield>
            <subfield code="w">(DLC)sn 96020395</subfield>
            <subfield code="w">(OCoLC)35202859</subfield>
        </datafield>
        <datafield tag="791" ind1="2" ind2=" ">
            <subfield code="a">Western Homeopathic College (Cleveland, Ohio).</subfield>
            <subfield code="e">locale.</subfield>
        </datafield>
        <datafield tag="830" ind1=" " ind2="0">
            <subfield code="a">Public administration series--bibliography ;</subfield>
            <subfield code="v">P-342</subfield>
        </datafield>
        <datafield tag="850" ind1=" " ind2=" ">
            <subfield code="a">MH-BA</subfield>
        </datafield>
        <datafield tag="852" ind1="0" ind2=" ">
            <subfield code="a">CSt</subfield>
            <subfield code="b">EAST-ASIA</subfield>
            <subfield code="h">JQ1519.A5</subfield>
            <subfield code="i">J54 1999</subfield>
            <subfield code="x">CIN=ALY; OID=ALY</subfield>
        </datafield>
        <datafield tag="856" ind1="4" ind2="1">
            <subfield code="3">PDF version:</subfield>
            <subfield code="u">http://purl.access.gpo.gov/GPO/LPS21382</subfield>
            <subfield code="z">Adobe Acrobat Reader required</subfield>
        </datafield>
        <datafield tag="856" ind1="4" ind2="1">
            <subfield code="3">coverage: blah</subfield>
            <subfield code="u">http://www.url856.com/ind2_1/toc_subz</subfield>
            <subfield code="z">Online table of contents from PCI available to Stanford-affiliated users</subfield>    
        </datafield>
        <datafield tag="856" ind1="4" ind2="2">
            <subfield code="3">not fulltext</subfield>
            <subfield code="u">http://www.url856.com/ind2_2/supplementaryMaterial</subfield>
        </datafield>
        <datafield tag="899" ind1=" " ind2="0">
            <subfield code="a">Dermatologica ;</subfield>
            <subfield code="d">1969;</subfield>
            <subfield code="v">139(suppl 1)</subfield>
            <subfield code="9">(CSt-L)L31861</subfield>
        </datafield>
        <datafield tag="946" ind1=" " ind2=" ">
            <subfield code="b">SAL3</subfield>
            <subfield code="h">X578</subfield>
            <subfield code="i">.S64 1851</subfield>
        </datafield>
        <datafield tag="946" ind1=" " ind2=" ">
            <subfield code="b">EDATA</subfield>
        </datafield>
        <datafield tag="947" ind1="4" ind2="7">
            <subfield code="a">Pamphlet</subfield>
        </datafield>
        <datafield tag="947" ind1="7" ind2="7">
            <subfield code="a">Subset, Scanned 2006</subfield>
        </datafield>
        <datafield tag="956" ind1="4" ind2="0">
            <subfield code="u">http://caslon.stanford.edu:3210/sfxlcl3?url_ver=Z39.88-2004&amp;ctx_ver=Z39.88-2004&amp;ctx_enc=info:ofi/enc:UTF-8&amp;rfr_id=info:sid/sfxit.com:opac_856&amp;url_ctx_fmt=info:ofi/fmt:kev:mtx:ctx&amp;sfx.ignore_date_threshold=1&amp;rft.object_id=110978984448763&amp;svc_val_fmt=info:ofi/fmt:kev:mtx:sch_svc&amp;</subfield>
            <subfield code="x">eLoaderURL</subfield>
            <subfield code="x">mb4</subfield>
            <subfield code="x">mb110978984448763</subfield>
        </datafield>
        <datafield tag="994" ind1=" " ind2=" ">
            <subfield code="a">Z0</subfield>
            <subfield code="b">STF</subfield>
        </datafield>
        <datafield tag="999" ind1=" " ind2=" ">
            <subfield code="a">HC241.25 .I4 D47</subfield>
            <subfield code="w">LC</subfield>
            <subfield code="c">1</subfield>
            <subfield code="i">36105033811451</subfield>
            <subfield code="d">7/18/2008</subfield>
            <subfield code="e">7/10/2008</subfield>
            <subfield code="l">STACKS</subfield>
            <subfield code="m">GREEN</subfield>
            <subfield code="n">1</subfield>
            <subfield code="p">$40.00</subfield>
            <subfield code="r">Y</subfield>
            <subfield code="s">Y</subfield>
            <subfield code="t">STKS-MONO</subfield>
            <subfield code="u">1/23/1974</subfield>
            <subfield code="z">DIGI-SENT</subfield>
            <subfield code="o">.TECHSTAFF. 900915</subfield>
        </datafield>
        <datafield tag="999" ind1=" " ind2=" ">
            <subfield code="a">370.1 .S655</subfield>
            <subfield code="w">DEWEY</subfield>
            <subfield code="c">1</subfield>
            <subfield code="i">36105033336780</subfield>
            <subfield code="d">5/26/2003</subfield>
            <subfield code="e">5/15/2003</subfield>
            <subfield code="l">STACKS</subfield>
            <subfield code="m">SAL3</subfield>
            <subfield code="n">1</subfield>
            <subfield code="p">$40.00</subfield>
            <subfield code="r">Y</subfield>
            <subfield code="s">Y</subfield>
            <subfield code="t">STKS-MONO</subfield>
            <subfield code="u">12/2/1971</subfield>
            <subfield code="o">.TECHSTAFF. tf:EDUCATION 05/24/06 batch</subfield>
        </datafield>
        <datafield tag="999" ind1=" " ind2=" ">
            <subfield code="a">E 1.28:COO-4274-1</subfield>
            <subfield code="w">SUDOC</subfield>
            <subfield code="c">1</subfield>
            <subfield code="i">001AMR5851</subfield>
            <subfield code="d">11/22/1998</subfield>
            <subfield code="l">FED-DOCS</subfield>
            <subfield code="m">GREEN</subfield>
            <subfield code="p">$40.00</subfield>
            <subfield code="r">Y</subfield>
            <subfield code="s">Y</subfield>
            <subfield code="t">GOVSTKS</subfield>
            <subfield code="u">5/20/1979</subfield>
            <subfield code="x">MARCIVE</subfield>
            <subfield code="o">.TECHSTAFF. tf:GOV-DOCS 11/98 batch</subfield>
        </datafield>
    </record>
</collection>
    
